@article{Rathgeber2015,
  title={Firedrake: automating the finite element method by composing abstractions},
  author={Rathgeber, Florian and Ham, David A and Mitchell, Lawrence and Lange, Michael and Luporini, Fabio and McRae, Andrew TT and Bercea, Gheorghe-Teodor and Markall, Graham R and Kelly, Paul HJ},
  archivePrefix = "arXiv",
  journal={In review, ACM TOMS},
  eprint={1501.01809},
  year={2015}
}

@Article{Farrell2010,
AUTHOR = {Farrell, P. E. and Piggott, M. D. and Gorman, G. J. and Ham, D. A. and Wilson, C. R. and Bond, T. M.},
TITLE = {Automated continuous verification for numerical simulation},
JOURNAL = {Geoscientific Model Development},
VOLUME = {4},
YEAR = {2011},
NUMBER = {2},
PAGES = {435--449},
DOI = {10.5194/gmd-4-435-2011}
}
